<collection xmlns="http://www.loc.gov/MARC21/slim">
<record>
  <leader>00799nam0a22001811i 450 </leader>
  <controlfield tag="001">IT\ICCU\CNCE\068064</controlfield>
  <controlfield tag="005">20061109000000.0</controlfield>
  <datafield tag="100" ind1=" " ind2=" ">
    <subfield code="a">20060918f15031504    0itac0103    ba</subfield>
  </datafield>
  <datafield tag="101" ind1=" " ind2=" ">
    <subfield code="a">ITA</subfield>
  </datafield>
  <datafield tag="102" ind1=" " ind2=" ">
    <subfield code="a">IT</subfield>
  </datafield>
  <datafield tag="200" ind1="1" ind2=" ">
    <subfield code="a">Iudicio de maestro Iulio Malchiauelo  de lanno MCCCCCIIII el quale comenza dal tempo de la coniuctione de li tri superiori che fu in lano MCCCCCIII nel mese de octubre</subfield>
  </datafield>
  <datafield tag="210" ind1=" " ind2=" ">
    <subfield code="d">\tra il 1503 e il 1504!</subfield>
  </datafield>
  <datafield tag="215" ind1=" " ind2=" ">
    <subfield code="a">\4! c.</subfield>
    <subfield code="d">4ʻ</subfield>
  </datafield>
  <datafield tag="300" ind1=" " ind2=" ">
    <subfield code="a">Stampato a Bologna; per il luogo e la data di stampa cfr.: Catalogo dei libri a stampa in lingua italiana della Biblioteca Colombina di Siviglia. A cura di K. Wagner - M. Carrera, 481</subfield>
  </datafield>
  <datafield tag="620" ind1=" " ind2=" ">
    <subfield code="a">IT</subfield>
    <subfield code="d">Bologna</subfield>
  </datafield>
  <datafield tag="700" ind1=" " ind2="1">
    <subfield code="a">Malchiavelli,</subfield>
    <subfield code="b">Giulio</subfield>
    <subfield code="3">IT\ICCU\CNCA\027152</subfield>
  </datafield>
  <datafield tag="712" ind1="0" ind2="2">
    <subfield code="a">s.n.</subfield>
    <subfield code="3">IT\ICCU\CNCT\000002</subfield>
    <subfield code="4">650</subfield>
  </datafield>
  <datafield tag="801" ind1=" " ind2="3">
    <subfield code="a">IT</subfield>
    <subfield code="b">ICCU</subfield>
    <subfield code="c">20201115</subfield>
  </datafield>
</record>
</collection>
